%% LaTeX2e file `multiple_bibliographies2.bib'
%% generated by the `filecontents' environment
%% from source `multiple_bibliographies' on 2020/06/03.
%%
@article{NS87,
author = {Nelson, C. R. and Siegel, A. F},
title = {Parsimonious Modelling of Yield Curves},
journal = {The Journal of Business},
volume = {60},
issue={4},
year = {1987},
pages={473-489}}

@misc{Sven94,
Author = {Svensson, L.E.O},
Title = {Estimating and Interpreting Forward Interest Rates: Sweden 1992-1994},
howpublished={IMF Working Paper},
note = {WP/94/114},
Year = {1994},
pages={1-49}}


@article{CP01,
Author = {Cairns, A.J.G. and Pritchard, D.J.},
Title = {Stability of Descriptive Models for the Term Structure of Interest Rates with Applications to German Market Data},
journal = {British Actuarial Journal},
volume = {7},
year = {2001},
pages={467-507}}
