%% LaTeX2e file `multiple_bibliographies1.bib'
%% generated by the `filecontents' environment
%% from source `multiple_bibliographies' on 2020/06/03.
%%
@article{XQ11,
author = {Gao, F and Liu, XQ.},
title = {Linearized Ridge Regression Estimator Under the Mean Square Error Criterion in a Linear Regression Model},
journal = {Communications in Statistics-Simulation and Computation},
volume = {40},
year = {2011},
pages={1434-1443}}

@misc{A12,
Author = {Anneart, J. and Claes, A.G.P. and De Ceuster, M.J.K. and Zhang, H.},
Title = {Estimating the Yield Curve Using the Nelson-Siegel Model: A Ridge Resgression Appoach},
howpublished={International Review of Economics and Finance, Forthcoming},
Year = {2012}}
